<record xmlns="http://www.loc.gov/MARC21/slim" xmlns:xsi="http://www.w3.org/2001/XMLSchema-instance" xsi:schemaLocation="http://www.loc.gov/MARC21/slim http://www.loc.gov/standards/marcxml/schema/MARC21slim.xsd">

  <leader>01478nab a22001817a 4500</leader>
  <controlfield tag="005">20160420122235.0</controlfield>
  <controlfield tag="008">160420b2010    cr f|||| |||| 00| 0 spa d</controlfield>
  <datafield tag="090" ind1=" " ind2=" ">
    <subfield code="a">REVIS 06.02.01</subfield>
  </datafield>
  <datafield ind2=" " ind1="1" tag="100">
    <subfield code="9">1229</subfield>
    <subfield code="a">Garbanzo Vargas, Guiselle María</subfield>
  </datafield>
  <datafield ind1="1" tag="245" ind2="0">
    <subfield code="a">Liderazgo para una gestión moderna de procesos educativos /</subfield>
    <subfield code="c">Guiselle María Garbanzo Vargas, Víctor Hugo Orozco Delgado</subfield>
  </datafield>
  <datafield ind2=" " tag="260" ind1=" ">
    <subfield code="a">San José, Costa Rica : </subfield>
    <subfield code="b">Editorial Universidad de Costa Rica,</subfield>
    <subfield code="c">2010</subfield>
  </datafield>
  <datafield ind2=" " tag="300" ind1=" ">
    <subfield code="a">páginas 15-29</subfield>
  </datafield>
  <datafield ind1=" " tag="520" ind2=" ">
    <subfield code="a">La autora y el autor realizan a manera de ensayo una contextualización social sobre la que actúa la educación resaltando en ella la complejidad social en la que se desarrolla el proceso educativo y los retos que le demanda la sociedad de la información. 
Desde este contexto se replantea el papel que una gestión moderna sustentada en un liderazgo pertinente representa en el logro de los objetivos y fines educativos que la sociedad se plantea. Se replantean las características personales y de liderazgo que en una gestión moderna de la educación se requiere, así como factores claves de la calidad de la gestión de la educación. Se desarrollan los elementos de liderazgo aplicados a a la educación</subfield>
  </datafield>
  <datafield ind1="1" tag="650" ind2="4">
    <subfield code="9">1</subfield>
    <subfield code="a">EDUCACIÓN</subfield>
  </datafield>
  <datafield ind2=" " tag="700" ind1="1">
    <subfield code="9">243</subfield>
    <subfield code="a">Orozco Delgado, Víctor Hugo</subfield>
  </datafield>
  <datafield ind2=" " tag="773" ind1="0">
    <subfield code="d">San José, Costa Rica : Editorial de la Universidad de Costa Rica, 1997-</subfield>
    <subfield code="o">R0313</subfield>
    <subfield code="t">EDUCACIÓN: Revista de la Universidad de Costa Rica</subfield>
    <subfield code="g">Vol.34, no.1 (2010)</subfield>
  </datafield>
  <datafield ind2=" " ind1=" " tag="942">
    <subfield code="2">z</subfield>
    <subfield code="c">10</subfield>
  </datafield>
  <datafield ind1=" " tag="999" ind2=" ">
    <subfield code="c">3117</subfield>
    <subfield code="d">3117</subfield>
  </datafield>
</record>